@article{southey2012bayes,
  title={Bayes' bluff: Opponent modelling in poker},
  author={Southey, Finnegan and Bowling, Michael P and Larson, Bryce and Piccione, Carmelo and Burch, Neil and Billings, Darse and Rayner, Chris},
  journal={arXiv preprint arXiv:1207.1411},
  year={2012}
}

